[gd_scene load_steps=5 format=2]

[ext_resource path="res://assets/images/cell.png" type="Texture" id=1]
[ext_resource path="res://assets/images/background.png" type="Texture" id=2]
[ext_resource path="res://assets/images/cell_stroke_panel.png" type="Texture" id=3]
[ext_resource path="res://assets/scripts/inv.gd" type="Script" id=4]

[node name="MAIN" type="Node"]

[node name="bc" type="ColorRect" parent="."]
anchor_right = 1.0
anchor_bottom = 1.0
color = Color( 0, 0, 0, 1 )
__meta__ = {
"_edit_use_anchors_": false
}

[node name="vinette" type="TextureRect" parent="."]
margin_right = 40.0
margin_bottom = 40.0
__meta__ = {
"_edit_use_anchors_": false
}

[node name="UI" type="Node" parent="."]

[node name="INV" type="Control" parent="UI"]
anchor_right = 1.0
anchor_bottom = 1.0
script = ExtResource( 4 )
__meta__ = {
"_edit_use_anchors_": false
}

[node name="Cell1" type="TextureButton" parent="UI/INV"]
anchor_left = 1.0
anchor_right = 1.0
anchor_bottom = 1.0
margin_left = -232.0
margin_top = 66.0
margin_right = -32.0
margin_bottom = -814.0
texture_normal = ExtResource( 1 )
texture_pressed = ExtResource( 1 )
texture_hover = ExtResource( 1 )
texture_disabled = ExtResource( 1 )
expand = true
__meta__ = {
"_edit_use_anchors_": false
}

[node name="Cell2" type="TextureButton" parent="UI/INV"]
anchor_left = 1.0
anchor_right = 1.0
anchor_bottom = 1.0
margin_left = -232.0
margin_top = 256.0
margin_right = -32.0
margin_bottom = -624.0
texture_normal = ExtResource( 1 )
texture_pressed = ExtResource( 1 )
texture_hover = ExtResource( 1 )
texture_disabled = ExtResource( 1 )
expand = true
__meta__ = {
"_edit_use_anchors_": false
}

[node name="Cell3" type="TextureButton" parent="UI/INV"]
anchor_left = 1.0
anchor_right = 1.0
anchor_bottom = 1.0
margin_left = -232.0
margin_top = 444.0
margin_right = -32.0
margin_bottom = -436.0
texture_normal = ExtResource( 1 )
texture_pressed = ExtResource( 1 )
texture_hover = ExtResource( 1 )
texture_disabled = ExtResource( 1 )
expand = true

[node name="Cell4" type="TextureButton" parent="UI/INV"]
anchor_left = 1.0
anchor_right = 1.0
anchor_bottom = 1.0
margin_left = -232.0
margin_top = 633.0
margin_right = -32.0
margin_bottom = -247.0
texture_normal = ExtResource( 1 )
texture_pressed = ExtResource( 1 )
texture_hover = ExtResource( 1 )
texture_disabled = ExtResource( 1 )
expand = true

[node name="Cell5" type="TextureButton" parent="UI/INV"]
anchor_left = 1.0
anchor_right = 1.0
anchor_bottom = 1.0
margin_left = -232.0
margin_top = 823.0
margin_right = -32.0
margin_bottom = -57.0
texture_normal = ExtResource( 1 )
texture_pressed = ExtResource( 1 )
texture_hover = ExtResource( 1 )
texture_disabled = ExtResource( 1 )
expand = true
__meta__ = {
"_edit_use_anchors_": false
}

[node name="Select" type="TextureRect" parent="UI/INV"]
anchor_left = 1.0
anchor_right = 1.0
anchor_bottom = 1.0
margin_left = -214.983
margin_top = 84.2772
margin_right = -46.9834
margin_bottom = -827.723
mouse_filter = 2
texture = ExtResource( 3 )
expand = true
stretch_mode = 5

[node name="arrows" type="Control" parent="UI"]
margin_right = 40.0
margin_bottom = 40.0
__meta__ = {
"_edit_use_anchors_": false
}

[node name="left" type="TextureButton" parent="UI/arrows"]
margin_right = 40.0
margin_bottom = 40.0

[node name="right" type="TextureButton" parent="UI/arrows"]
margin_right = 40.0
margin_bottom = 40.0

[node name="bottom" type="TextureButton" parent="UI/arrows"]
visible = false
margin_right = 40.0
margin_bottom = 40.0

[node name="top" type="TextureButton" parent="UI/arrows"]
visible = false
margin_right = 40.0
margin_bottom = 40.0

[node name="Scenes" type="Node" parent="."]

[node name="side1" type="Node2D" parent="Scenes"]
position = Vector2( 0, 1356.15 )

[node name="bg" type="Sprite" parent="Scenes/side1"]
texture = ExtResource( 2 )
centered = false

[node name="side2" type="Node2D" parent="Scenes"]
position = Vector2( 1923.22, 1356.15 )

[node name="bg" type="Sprite" parent="Scenes/side2"]
texture = ExtResource( 2 )
centered = false

[node name="side3" type="Node2D" parent="Scenes"]
position = Vector2( 3884.2, 1356.15 )

[node name="bg" type="Sprite" parent="Scenes/side3"]
texture = ExtResource( 2 )
centered = false

[node name="side4" type="Node2D" parent="Scenes"]
position = Vector2( 5847.29, 1356.15 )

[node name="bg" type="Sprite" parent="Scenes/side4"]
texture = ExtResource( 2 )
centered = false

[node name="wall" type="Node2D" parent="Scenes"]
position = Vector2( 1936.77, 2701.55 )

[node name="bg" type="Sprite" parent="Scenes/wall"]
scale = Vector2( 1.27863, 1.36534 )
texture = ExtResource( 2 )
centered = false
region_enabled = true
region_rect = Rect2( 170.772, 15.764, 1350.14, 794.906 )

[node name="Sprite" type="Sprite" parent="Scenes/wall"]
position = Vector2( 902.913, 517.847 )
scale = Vector2( 0.477727, 0.477727 )
texture = ExtResource( 1 )

[node name="Label" type="Label" parent="Scenes/wall"]
margin_left = 779.0
margin_top = 472.0
margin_right = 842.0
margin_bottom = 486.0
rect_scale = Vector2( 3.81381, 7.31823 )
text = "SomeText"
__meta__ = {
"_edit_use_anchors_": false
}
