[gd_scene load_steps=4 format=2]

[ext_resource path="res://assets/scripts/inv.gd" type="Script" id=1]
[ext_resource path="res://assets/images/cell_stroke_panel.png" type="Texture" id=2]
[ext_resource path="res://assets/images/cell.png" type="Texture" id=3]

[node name="UI" type="CanvasLayer"]

[node name="INV" type="Control" parent="."]
anchor_right = 1.0
anchor_bottom = 1.0
script = ExtResource( 1 )
__meta__ = {
"_edit_use_anchors_": false
}

[node name="Cell1" type="TextureButton" parent="INV"]
anchor_left = 1.0
anchor_right = 1.0
anchor_bottom = 1.0
margin_left = -232.0
margin_top = 66.0
margin_right = -32.0
margin_bottom = -814.0
texture_normal = ExtResource( 3 )
texture_pressed = ExtResource( 3 )
texture_hover = ExtResource( 3 )
texture_disabled = ExtResource( 3 )
expand = true
__meta__ = {
"_edit_use_anchors_": false
}

[node name="Cell2" type="TextureButton" parent="INV"]
anchor_left = 1.0
anchor_right = 1.0
anchor_bottom = 1.0
margin_left = -232.0
margin_top = 256.0
margin_right = -32.0
margin_bottom = -624.0
texture_normal = ExtResource( 3 )
texture_pressed = ExtResource( 3 )
texture_hover = ExtResource( 3 )
texture_disabled = ExtResource( 3 )
expand = true
__meta__ = {
"_edit_use_anchors_": false
}

[node name="Cell3" type="TextureButton" parent="INV"]
anchor_left = 1.0
anchor_right = 1.0
anchor_bottom = 1.0
margin_left = -232.0
margin_top = 444.0
margin_right = -32.0
margin_bottom = -436.0
texture_normal = ExtResource( 3 )
texture_pressed = ExtResource( 3 )
texture_hover = ExtResource( 3 )
texture_disabled = ExtResource( 3 )
expand = true

[node name="Cell4" type="TextureButton" parent="INV"]
anchor_left = 1.0
anchor_right = 1.0
anchor_bottom = 1.0
margin_left = -232.0
margin_top = 633.0
margin_right = -32.0
margin_bottom = -247.0
texture_normal = ExtResource( 3 )
texture_pressed = ExtResource( 3 )
texture_hover = ExtResource( 3 )
texture_disabled = ExtResource( 3 )
expand = true

[node name="Cell5" type="TextureButton" parent="INV"]
anchor_left = 1.0
anchor_right = 1.0
anchor_bottom = 1.0
margin_left = -232.0
margin_top = 823.0
margin_right = -32.0
margin_bottom = -57.0
texture_normal = ExtResource( 3 )
texture_pressed = ExtResource( 3 )
texture_hover = ExtResource( 3 )
texture_disabled = ExtResource( 3 )
expand = true
__meta__ = {
"_edit_use_anchors_": false
}

[node name="Select" type="TextureRect" parent="INV"]
anchor_left = 1.0
anchor_right = 1.0
anchor_bottom = 1.0
margin_left = -214.983
margin_top = 84.2772
margin_right = -46.9834
margin_bottom = -827.723
mouse_filter = 2
texture = ExtResource( 2 )
expand = true
stretch_mode = 5
